Mendeley, JabRef gibi programlar ile otomatik .bib 
dosyaları oluşturabilirsiniz. Ya da makalenin yayıncısından veya
Google Scholar'dan herbir bib kaydını alıp bu dosyaya ekleyebilirsiniz.
Her bir kaydın kendine ait etiketi olmalıdır.

Automatically generated by Mendeley Desktop 1.19.3
Any changes to this file will be lost if it is regenerated by Mendeley.

BibTeX export options can be customized via Options -> BibTeX in Mendeley Desktop

@article{Sakamoto2005,
author = {Sakamoto, Hiroki and Fujii, Akihiro and Tanaka, Katsushi and Inui, Haruyuki},
doi = {10.1016/j.actamat.2004.08.001},
file = {:C\:/Users/vancat/Documents/Mendeley Desktop/Sakamoto et al. - 2005 - Enantiomorph identification of transition-metal disilicides with the C40 structure (the space group of P6222 an.pdf:pdf},
issn = {13596454},
journal = {Acta Materialia},
month = {jan},
number = {1},
pages = {41--52},
title = {{Enantiomorph identification of transition-metal disilicides with the C40 structure (the space group of P6222 and P6422) by new convergent-beam electron diffraction method}},
url = {http://linkinghub.elsevier.com/retrieve/pii/S1359645404004689},
volume = {53},
year = {2005}
}
@article{Hai-Jun2010,
author = {Hai-Jun, Hou and Shi-Fu, Zhu and Bei-Jun, Zhao and You, Yu and Lin-Hua, Xie},
doi = {10.1088/0031-8949/82/05/055601},
file = {:C\:/Users/vancat/Documents/Mendeley Desktop//Hai-Jun et al. - 2010 - First-principles calculations of the elastic, electronic and optical properties of AgGaS 2.pdf:pdf},
issn = {0031-8949},
journal = {Physica Scripta},
month = {nov},
number = {5},
pages = {055601},
title = {{First-principles calculations of the elastic, electronic and optical properties of AgGaS$_2$}},
url = {http://stacks.iop.org/1402-4896/82/i=5/a=055601?key=crossref.0a6993ee8f13b2fd117e9cfebe4d0d14},
volume = {82},
year = {2010}
}
@article{Yoo2010,
author = {Yoo, Hyesun and Kim, JunHo},
doi = {10.1016/j.tsf.2010.03.058},
file = {:C\:/Users/vancat/Documents/Mendeley Desktop//Yoo, Kim - 2010 - Growth of Cu2ZnSnS4 thin films using sulfurization of stacked metallic films.pdf:pdf},
issn = {00406090},
journal = {Thin Solid Films},
month = {sep},
number = {22},
pages = {6567--6572},
publisher = {Elsevier B.V.},
title = {{Growth of Cu$_2$ZnSnS$_4$ thin films using sulfurization of stacked metallic films}},
url = {http://linkinghub.elsevier.com/retrieve/pii/S0040609010003676},
volume = {518},
year = {2010}
}
@article{Olekseyuk2002,
author = {Olekseyuk, I},
doi = {10.1016/S0925-8388(02)00006-3},
file = {:C\:/Users/vancat/Documents/Mendeley Desktop//Olekseyuk - 2002 - Single crystal preparation and crystal structure of the Cu2ZnCd,HgSnSe4 compounds.pdf:pdf},
journal = {Journal of Alloys and Compounds},
keywords = {crystal growth,crystal structure,intermetallic compounds,semiconductors,x-ray diffraction},
number = {1-2},
pages = {141--145},
title = {{Single crystal preparation and crystal structure of the Cu$_2$Zn/Cd,Hg/SnSe$_4$ compounds}},
volume = {340},
year = {2002}
}

@article{Thompson2014,
author = {Thompson, Corey M and Tan, Xiaoyan and Kovnir, Kirill and Garlea, V Ovidiu and Gippius, Andrei A and Yaroslavtsev, Alexander A and Menushenkov, Alexey P and Chernikov, Roman V and B{\"{u}}ttgen, Norbert and Kr{\"{a}}tschmer, Wolfgang and Zubavichus, Yan V and Shatruk, Michael},
doi = {10.1021/cm501522v},
file = {::},
issn = {0897-4756},
journal = {Chemistry of Materials},
month = {jun},
number = {12},
pages = {3825--3837},
title = {{Synthesis, Structures, and Magnetic Properties of Rare-Earth Cobalt Arsenides, RCo$_2$As$_2$ ($R$ = La, Ce, Pr, Nd)}},
url = {http://pubs.acs.org/doi/abs/10.1021/cm501522v},
volume = {26},
year = {2014}
}
@article{Kovnir2013,
author = {Kovnir, Kirill and Thompson, Corey M. and Garlea, V. Ovidiu and Haskel, Daniel and Polyanskii, Anatolii A. and Zhou, Haidong and Shatruk, Michael},
doi = {10.1103/PhysRevB.88.104429},
file = {::},
issn = {1098-0121},
journal = {Physical Review B},
month = {sep},
number = {10},
pages = {104429},
title = {{Modification of magnetic anisotropy through 3d-4f coupling in La$_{0.75}$Pr$_{0.25}$Co$_{2}$P$_{2}$}},
url = {http://link.aps.org/doi/10.1103/PhysRevB.88.104429},
volume = {88},
year = {2013}
}
